<?xml version="1.0" encoding="UTF-8"?><collection xmlns="http://www.loc.gov/MARC21/slim"><record><leader>00537nam--2200181-i-4500</leader><controlfield tag="001">000046663</controlfield><controlfield tag="002">20161230</controlfield><controlfield tag="005">20161230201046</controlfield><controlfield tag="008">060222s1000------------r-----000-0-fre-d</controlfield><datafield ind1=" " ind2=" " tag="040"><subfield code="a">IFIN-HH</subfield></datafield><datafield ind1=" " ind2=" " tag="041"><subfield code="a">fre</subfield></datafield><datafield ind1=" " ind2=" " tag="080"><subfield code="a">537.523:537.564(043)</subfield></datafield><datafield ind1="1" ind2=" " tag="100"><subfield code="a">Vidal, Georges</subfield></datafield><datafield ind1="1" ind2="0" tag="245"><subfield code="a">Etude l`evolution stochastique de la population electronique dans une avalanche de townsend</subfield><subfield code="b">These</subfield><subfield code="c">Georges vidal</subfield></datafield><datafield ind1=" " ind2=" " tag="260"><subfield code="a">Toulouse</subfield><subfield code="b">Universite Paul Sabatier</subfield><subfield code="c">1975</subfield></datafield><datafield ind1=" " ind2=" " tag="300"><subfield code="a">146P</subfield></datafield><datafield ind1=" " ind2=" " tag="852"><subfield code="a">44118</subfield><subfield code="c">537.52</subfield></datafield><datafield ind1=" " ind2=" " tag="CAT"><subfield code="a">Sys</subfield><subfield code="c">20110804</subfield><subfield code="h">113448</subfield></datafield></record></collection>